@incollection{blome-dreesEinleitung2023,
  title = {Einleitung},
  booktitle = {Handbuch Genossenschaftswesen},
  author = {Blome-Drees, Johannes and Schmale, Ingrid},
  editor = {Blome-Drees, Johannes and Göler von Ravensburg, Nicole and Jungmeister, Alexander and Schmale, Ingrid and Schulz-Nieswandt, Frank},
  date = {2023},
  pages = {1--5},
  publisher = {Springer Fachmedien},
  location = {Wiesbaden},
  doi = {10.1007/978-3-658-18626-5_1},
  url = {https://doi.org/10.1007/978-3-658-18626-5_1},
  urldate = {2025-08-01},
  abstract = {Der vorliegende Beitrag führt in die Architektur des Handbuchs zum Genossenschaftswesen ein, das sich in sechs Teilbereiche gliedert. Im Handbuch werden sowohl disziplinäre und methodologische Zugänge der Wissenschaft als auch rechtliche und wirtschaftliche Strukturen der Genossenschaften sowie deren Stellung und Funktion in Wirtschaft und Gesellschaft dargestellt und analysiert.},
  isbn = {978-3-658-18626-5},
  langid = {ngerman},
  keywords = {Genossenschaften,Genossenschaftsgeschichte,Genossenschaftslehre,Genossenschaftsrecht,Genossenschaftssoziologie},
  file = {/home/paulin/Zotero/storage/5RJF5KRD/Blome-Drees and Schmale - 2023 - Einleitung.pdf}
}

@incollection{blome-dreesGenossenschaftlicheGeschaeftsmodelleSemantik2023,
  title = {Genossenschaftliche Geschäftsmodelle – Semantik, Morphologie und Typologie},
  booktitle = {Handbuch Genossenschaftswesen},
  author = {Blome-Drees, Johannes and Thimm, Philipp and Wieg, Andreas},
  editor = {Blome-Drees, Johannes and Göler von Ravensburg, Nicole and Jungmeister, Alexander and Schmale, Ingrid and Schulz-Nieswandt, Frank},
  date = {2023},
  pages = {363--409},
  publisher = {Springer Fachmedien},
  location = {Wiesbaden},
  doi = {10.1007/978-3-658-18626-5_18},
  url = {https://doi.org/10.1007/978-3-658-18626-5_18},
  urldate = {2025-08-01},
  abstract = {Mit Hilfe der morphologisch-typologischen Methode wird im vorliegenden Beitrag ein generatives Sprachspiel für genossenschaftliche Geschäftsmodelle entwickelt. Dabei werden nicht bloß begriffliche und konzeptionelle Fragestellungen erörtert, sondern aus der Perspektive einer Besonderen Betriebswirtschaftslehre der Genossenschaften und normativen Morphologie auch Hilfestellungen für Praktiker geleistet.},
  isbn = {978-3-658-18626-5},
  langid = {ngerman},
  keywords = {Genossenschaften,Genossenschaftliche Geschäftsmodelle,Geschäftsmodelle,Morphologie,Typologie},
  file = {/home/paulin/Zotero/storage/7TWSCUXU/Blome-Drees et al. - 2023 - Genossenschaftliche Geschäftsmodelle – Semantik, Morphologie und Typologie.ocr.pdf;/home/paulin/Zotero/storage/INQPSPYX/Blome-Drees et al. - 2023 - Genossenschaftliche Geschäftsmodelle – Semantik, Morphologie und Typologie.pdf;/home/paulin/Zotero/storage/342RICGQ/page-1.html;/home/paulin/Zotero/storage/ISZ999ES/page-4.html;/home/paulin/Zotero/storage/NFNZAXF3/page-2.html;/home/paulin/Zotero/storage/QQYT26VD/page-5.html;/home/paulin/Zotero/storage/SEA2Y7Y3/page-3.html}
}

@book{blome-dreesHandbuchGenossenschaftswesen2023,
  title = {Handbuch Genossenschaftswesen},
  editor = {Blome-Drees, Johannes and Göler Von Ravensburg, Nicole and Jungmeister, Alexander and Schmale, Ingrid and Schulz-Nieswandt, Frank},
  date = {2023},
  publisher = {Springer Fachmedien},
  location = {Wiesbaden},
  doi = {10.1007/978-3-658-18626-5},
  url = {https://link.springer.com/10.1007/978-3-658-18626-5},
  urldate = {2025-08-01},
  isbn = {978-3-658-18625-8 978-3-658-18626-5},
  langid = {ngerman},
  keywords = {BWL der Kooperative,Co-operatives,Dritter Sektor,Kooperative Selbsthilfe,Verbände im Genossenschaftswesen},
  file = {/home/paulin/Zotero/storage/HSP5UEVJ/Blome-Drees et al. - 2023 - Handbuch Genossenschaftswesen.pdf}
}

@incollection{blome-dreesKonzeptionelleUeberlegungenBesonderen2023,
  title = {Konzeptionelle Überlegungen zu einer Besonderen Betriebswirtschaftslehre der Genossenschaften als Führungslehre},
  booktitle = {Handbuch Genossenschaftswesen},
  author = {Blome-Drees, Johannes},
  editor = {Blome-Drees, Johannes and Göler von Ravensburg, Nicole and Jungmeister, Alexander and Schmale, Ingrid and Schulz-Nieswandt, Frank},
  date = {2023},
  pages = {57--86},
  publisher = {Springer Fachmedien},
  location = {Wiesbaden},
  doi = {10.1007/978-3-658-18626-5_5},
  url = {https://doi.org/10.1007/978-3-658-18626-5_5},
  urldate = {2025-08-01},
  abstract = {Der vorliegende Beitrag dokumentiert den aktuellen Stand der konzeptionellen Überlegungen zu einer Besonderen Betriebswirtschaftslehre der Genossenschaften. Erkenntnisperspektive ist die Führung von Genossenschaften, die gleichsam die für eine Besondere Betriebswirtschaftslehre der Genossenschaften relevante Praxis bildet.},
  isbn = {978-3-658-18626-5},
  langid = {ngerman},
  keywords = {Anwendungsorientierung,Betriebswirtschaftslehre,Erkenntnispluralismus,Führungslehre,Genossenschaftslehre},
  file = {/home/paulin/Zotero/storage/M7I39CFE/Blome-Drees - 2023 - Konzeptionelle Überlegungen zu einer Besonderen Betriebswirtschaftslehre der Genossenschaften als Fü.pdf}
}

@incollection{blome-dreesMorphologieII2023,
  title = {Morphologie II},
  booktitle = {Handbuch Genossenschaftswesen},
  author = {Blome-Drees, Johannes and Moldenhauer, Joschka},
  editor = {Blome-Drees, Johannes and Göler von Ravensburg, Nicole and Jungmeister, Alexander and Schmale, Ingrid and Schulz-Nieswandt, Frank},
  date = {2023},
  pages = {223--247},
  publisher = {Springer Fachmedien},
  location = {Wiesbaden},
  doi = {10.1007/978-3-658-18626-5_50},
  url = {https://doi.org/10.1007/978-3-658-18626-5_50},
  urldate = {2025-08-01},
  abstract = {Der vorliegende Beitrag ist eine Einführung in anwendungsorientierte Grundlagen der morphologisch-typologischen Methode in der (betriebswirtschaftlichen) Genossenschaftsforschung. In einem ersten Schritt werden die Funktionen, die diese erfüllt, sowie ihr schrittweises Vorgehen erläutert. In der Folge befasst sich dieser Beitrag mit der Morphologie der genossenschaftlichen Form anhand von ausgewählten Merkmalen und Prinzipien, die in eine exemplarische Typenbildung mündet. Der letzte Abschnitt behandelt, im Sinne einer normativen Lehre mit praktisch-politischer Orientierung, die Genossenschaft im Wettbewerb der Ideen und die Funktion von Leitbildern.},
  isbn = {978-3-658-18626-5},
  langid = {ngerman},
  keywords = {Form,Leitbilder,Morphologie,Sinngebilde,Strukturgebilde,Typologie},
  file = {/home/paulin/Zotero/storage/HUGH9JSE/Blome-Drees and Moldenhauer - 2023 - Morphologie II.pdf}
}

@incollection{bolsingerGeistreicheVerbindungKooperation2023,
  title = {Die geistreiche Verbindung von Kooperation und Netzwerk in Form von Genossenschaften},
  booktitle = {Handbuch Genossenschaftswesen},
  author = {Bolsinger, Harald},
  editor = {Blome-Drees, Johannes and Göler von Ravensburg, Nicole and Jungmeister, Alexander and Schmale, Ingrid and Schulz-Nieswandt, Frank},
  date = {2023},
  pages = {249--270},
  publisher = {Springer Fachmedien},
  location = {Wiesbaden},
  doi = {10.1007/978-3-658-18626-5_13},
  url = {https://doi.org/10.1007/978-3-658-18626-5_13},
  urldate = {2025-08-01},
  abstract = {Der Beitrag beleuchtet, welche Parallelen in Genossenschaften zu Unternehmenskooperationen und Unternehmensnetzwerken zu finden sind und inwieweit Genossenschaften als Netzwerke bezeichnet werden können. Die Nähe zum Netzwerkgedanken wird anhand der genossenschaftlichen Besonderheit der Doppelnatur mit dem genossenschaftlichen Geist und der daraus hervorgehenden Wertebasis verdeutlicht.},
  isbn = {978-3-658-18626-5},
  langid = {ngerman},
  keywords = {Beziehungsnetzwerke,Genossenschaftliche Doppelnatur,Genossenschaftsgeist,Unternehmenskooperationen,Unternehmensnetzwerke},
  file = {/home/paulin/Zotero/storage/DZYLJB2T/Bolsinger - 2023 - Die geistreiche Verbindung von Kooperation und Netzwerk in Form von Genossenschaften.pdf}
}

@incollection{brazdaGenossenschaftswissenschaftUndSystemtheorie2023,
  title = {Genossenschaftswissenschaft und Systemtheorie},
  booktitle = {Handbuch Genossenschaftswesen},
  author = {Brazda, Johann},
  editor = {Blome-Drees, Johannes and Göler von Ravensburg, Nicole and Jungmeister, Alexander and Schmale, Ingrid and Schulz-Nieswandt, Frank},
  date = {2023},
  pages = {297--316},
  publisher = {Springer Fachmedien},
  location = {Wiesbaden},
  doi = {10.1007/978-3-658-18626-5_15},
  url = {https://doi.org/10.1007/978-3-658-18626-5_15},
  urldate = {2025-08-01},
  abstract = {Systemtheorie ist eine wissenschaftliche Methode, mit der im Gegensatz zu einer Beschreibung der Funktionsweise der einzelnen Elemente, die Strukturbildung entweder aus statischer oder dynamischer Perspektive betrachtet wird. Dabei wird etwas Ganzes gesehen, das Gesetzmäßigkeiten entwickelt, die seinen Elementen nicht eigen sind. In den Sozialwissenschaften hat es sich als zweckmäßig erwiesen, Mensch-Mensch- oder Mensch-Maschine Systeme zu analysieren, die vom Menschen gestaltet werden.},
  isbn = {978-3-658-18626-5},
  langid = {ngerman},
  keywords = {Aktionsforschung,Dülfer,Freiburger Management Modell,Lipfert,Systemtheorie},
  file = {/home/paulin/Zotero/storage/38UBYP3B/Brazda - 2023 - Genossenschaftswissenschaft und Systemtheorie.pdf}
}

@incollection{brazdaSpieltheorieUndGenossenschaften2023,
  title = {Spieltheorie und Genossenschaften},
  booktitle = {Handbuch Genossenschaftswesen},
  author = {Brazda, Johann},
  editor = {Blome-Drees, Johannes and Göler von Ravensburg, Nicole and Jungmeister, Alexander and Schmale, Ingrid and Schulz-Nieswandt, Frank},
  date = {2023},
  pages = {317--360},
  publisher = {Springer Fachmedien},
  location = {Wiesbaden},
  doi = {10.1007/978-3-658-18626-5_16},
  url = {https://doi.org/10.1007/978-3-658-18626-5_16},
  urldate = {2025-08-01},
  abstract = {Spieltheorie ist eine junge Wissenschaftsdisziplin, die erst in den 1940er-Jahren ihren Ursprung fand. Sie hat sich aus einem Teilgebiet der angewandten Mathematik zu einem imposanten methodischen Werkzeugkasten, sowohl für die ökonomische Theorie, als auch darüber hinaus für andere Sozialwissenschaften und der Biologie entwickelt. Durch die Spezifität der Genossenschaftsforschung auf das Gefangenendilemma der nichtkooperativen Spieltheorie und nur vereinzelter Einsätze der kooperativen Spieltheorie hat man das Potenzial der Spieltheorie in der Genossenschaftswissenschaft bisher kaum genutzt.},
  isbn = {978-3-658-18626-5},
  langid = {ngerman},
  keywords = {Gefangenendilemma,Kooperation,Kooperative Spieltheorie,Mathematisierung der Wirtschaftswissenschaften,Nash-Gleichgewicht,Nichtkooperative Spieltheorie,Strategische Interaktion,Strategisches Kalkül},
  file = {/home/paulin/Zotero/storage/9Q2JVXK3/Brazda - 2023 - Spieltheorie und Genossenschaften.pdf}
}

@incollection{fetchenhauerAltruismusProsozialesVerhalten2023,
  title = {Altruismus, prosoziales Verhalten, Eigennutz und Moralität aus psychologischer Perspektive},
  booktitle = {Handbuch Genossenschaftswesen},
  author = {Fetchenhauer, Detlef and Lang, Anne-Sophie},
  editor = {Blome-Drees, Johannes and Göler von Ravensburg, Nicole and Jungmeister, Alexander and Schmale, Ingrid and Schulz-Nieswandt, Frank},
  date = {2023},
  pages = {145--173},
  publisher = {Springer Fachmedien},
  location = {Wiesbaden},
  doi = {10.1007/978-3-658-18626-5_9},
  url = {https://doi.org/10.1007/978-3-658-18626-5_9},
  urldate = {2025-08-01},
  abstract = {Der vorliegende Beitrag befasst sich mit der Frage, inwiefern Rücksichtslosigkeit und Egoismus oder Altruismus und Prosozialität menschliches Handeln treiben. Es wird gezeigt, dass Menschen im Laufe ihrer Evolutionsgeschichte die Disposition erworben haben, in ihren Entscheidungen nicht nur die eigenen Belange zu berücksichtigen, sondern auch die legitimen Erwartungen anderer. Allerdings ist menschliche Moralität immer begrenzt und dient letzten Endes immer (auch) der Durchsetzung eigener Interessen.},
  isbn = {978-3-658-18626-5},
  langid = {ngerman},
  keywords = {Altruismus,Eigennutz,Evolutionspsychologie,Moral,Prosoziales Handeln},
  file = {/home/paulin/Zotero/storage/3AY68Q7R/Fetchenhauer and Lang - 2023 - Altruismus, prosoziales Verhalten, Eigennutz und Moralität aus psychologischer Perspektive.pdf}
}

@incollection{frischknechtEthnografischeAnsaetzeGenossenschaftsforschung2023,
  title = {Ethnografische Ansätze in der Genossenschaftsforschung – Felder, Methoden und Erkenntnisinteressen},
  booktitle = {Handbuch Genossenschaftswesen},
  author = {Frischknecht, Sanna and Haas, Benjamin},
  editor = {Blome-Drees, Johannes and Göler von Ravensburg, Nicole and Jungmeister, Alexander and Schmale, Ingrid and Schulz-Nieswandt, Frank},
  date = {2023},
  pages = {175--202},
  publisher = {Springer Fachmedien},
  location = {Wiesbaden},
  doi = {10.1007/978-3-658-18626-5_10},
  url = {https://doi.org/10.1007/978-3-658-18626-5_10},
  urldate = {2025-08-01},
  abstract = {Der Beitrag widmet sich ethnografischen Ansätzen in der Genossenschaftsforschung und benachbarten Forschungsfeldern, die sich mit kooperativen Praktiken befassen. Neben den Grundzügen dieser Forschungsansätze stellen wir ethnografische Studien zu Genossenschaften und anderen kooperativen Wirtschafts- und Organisationsformen vor. Ziel ist es dabei, die vielfältigen Perspektiven ethnografischer Ansätze auf Genossenschaften und kooperative Praktiken zu systematisieren und zu diskutieren, welchen Beitrag ethnografische Ansätze zur aktuellen Genossenschaftsforschung leisten können.},
  isbn = {978-3-658-18626-5},
  langid = {ngerman},
  keywords = {Demokratische Organisation,Ethnografie,Genossenschaft,Kooperativen,Teilnehmende Beobachtung},
  file = {/home/paulin/Zotero/storage/PV29LI69/Frischknecht and Haas - 2023 - Ethnografische Ansätze in der Genossenschaftsforschung – Felder, Methoden und Erkenntnisinteressen.pdf}
}

@book{mayringQualitativeInhaltsanalyseGrundlagen2022,
  title = {Qualitative Inhaltsanalyse: Grundlagen und Techniken},
  shorttitle = {Qualitative Inhaltsanalyse},
  author = {Mayring, Philipp},
  date = {2022},
  eprint = {ciUMzwEACAAJ},
  eprinttype = {googlebooks},
  publisher = {Beltz},
  abstract = {Das Buch stellt mit der "Qualitativen Inhaltsanalyse" eine der am häufigsten angewandten qualitativ orientierten Auswertungsmethoden vor - als theorie- und regelgeleitete Analyse sprachlichen Materials. Ausgehend von den drei Grundformen Zusammenfassung, Explikation und Strukturierung werden einzelne Techniken durch Ablaufmodelle und Interpretationsregeln beschrieben und am Beispiel veranschaulicht. Die Qualitative Inhaltsanalyse ist für Studierende von Pädagogik, Psychologie und Soziologie unverzichtbar, wird aber auch in der Kommunikations-, Literatur- und Kulturwissenschaft immer wichtiger. Das Buch wurde für die 13. Auflage komplett überarbeitet, ergänzt und aktualisiert. Zudem stellt es mit QCAmap erstmals eine Open-Access-Software für Qualitative Inhaltsanalyse vor, in der man Projekte anlegen und Dokumente hochladen kann.},
  isbn = {978-3-407-25898-4},
  langid = {ngerman},
  pagetotal = {148}
}

@misc{mederInterviewZurGeschaftsmodellanalyse2025,
  title = {Interview Zur {{Geschäftsmodellanalyse}} Der {{Trink-Genosse eG}}},
  namea = {Meder, Judith},
  nameatype = {collaborator},
  date = {2025-08-12}
}

@incollection{mickenCommonsCommoningUnd2023,
  title = {Commons, Commoning und Genossenschaften},
  booktitle = {Handbuch Genossenschaftswesen},
  author = {Micken, Simon and Moldenhauer, Joschka and Blome-Drees, Johannes},
  editor = {Blome-Drees, Johannes and Göler von Ravensburg, Nicole and Jungmeister, Alexander and Schmale, Ingrid and Schulz-Nieswandt, Frank},
  date = {2023},
  pages = {271--296},
  publisher = {Springer Fachmedien},
  location = {Wiesbaden},
  doi = {10.1007/978-3-658-18626-5_14},
  url = {https://doi.org/10.1007/978-3-658-18626-5_14},
  urldate = {2025-08-01},
  abstract = {Im vorliegenden Beitrag werden die Begriffe Gemeingüter, Commons und Commoning erläutert, ins Verhältnis gesetzt und Bezüge zu genossenschaftlichem Wirtschaften bzw. genossenschaftlicher Handlungslogik im Kontext der Kooperation als soziale Praxis hergestellt. Zudem wird das transformative Potenzial von Commons, Commoning und Genossenschaften herausgestellt.},
  isbn = {978-3-658-18626-5},
  langid = {ngerman},
  keywords = {Commoning,Commons,Gemeingüter,Genossenschaften,Kooperation,Soziale Praxis},
  file = {/home/paulin/Zotero/storage/UVUAUX3U/Micken et al. - 2023 - Commons, Commoning und Genossenschaften.pdf}
}

@incollection{mickenSoziologieUndGenossenschaftswesen2023,
  title = {Soziologie und Genossenschaftswesen},
  booktitle = {Handbuch Genossenschaftswesen},
  author = {Micken, Simon},
  editor = {Blome-Drees, Johannes and Göler von Ravensburg, Nicole and Jungmeister, Alexander and Schmale, Ingrid and Schulz-Nieswandt, Frank},
  date = {2023},
  pages = {111--144},
  publisher = {Springer Fachmedien},
  location = {Wiesbaden},
  doi = {10.1007/978-3-658-18626-5_52},
  url = {https://doi.org/10.1007/978-3-658-18626-5_52},
  urldate = {2025-08-01},
  abstract = {Der Beitrag beschäftigt sich mit dem Verhältnis von Soziologie und Genossenschaftswesen. Es wird ein Überblick über die thematischen und theoretischen Entwicklungen der deutschsprachigen Soziologie mit Schwerpunkt auf der Entwicklung nach 1945 gegeben, an den sich eine Einordnung der im Beitrag behandelten Genossenschaftssoziologen anschließt. Aufbauend auf dieser Einordnung, werden ältere und neuere Theorielinien herausgearbeitet, an die eine Soziologie des Genossenschaftswesens heute anknüpfen kann, wobei insbesondere für eine relationale Perspektive plädiert wird.},
  isbn = {978-3-658-18626-5},
  langid = {ngerman},
  keywords = {Feldtheorie,Genossenschaftssoziologie,Geschichte der Soziologie,Herrschaft,Partizipation,Relationale Perspektive,Soziologische Theorie},
  file = {/home/paulin/Zotero/storage/VPZKV4C2/Micken - 2023 - Soziologie und Genossenschaftswesen.pdf}
}

@incollection{moldenhauerPolitischeOekonomie2023,
  title = {Politische Ökonomie},
  booktitle = {Handbuch Genossenschaftswesen},
  author = {Moldenhauer, Joschka and Maier-Rigaud, Remi},
  editor = {Blome-Drees, Johannes and Göler von Ravensburg, Nicole and Jungmeister, Alexander and Schmale, Ingrid and Schulz-Nieswandt, Frank},
  date = {2023},
  pages = {87--109},
  publisher = {Springer Fachmedien},
  location = {Wiesbaden},
  doi = {10.1007/978-3-658-18626-5_7},
  url = {https://doi.org/10.1007/978-3-658-18626-5_7},
  urldate = {2025-08-01},
  abstract = {Dieser Beitrag befasst sich mit den Designprinzipien eines gelingenden Gemeingutmanagements und den Kernelementen kooperativen Handelns nach Ostrom. Dabei wird die Besonderheit genossenschaftlicher Kooperation, als „dritter Weg“ zwischen Markt und Staat, herausgestellt und ihr Potenzial zur Schaffung und Gestaltung von Gemeingütern beleuchtet. Der nun schon seit einigen Jahren zu beobachtende Bedeutungszuwachs genossenschaftlicher Kooperationsformen wird zum einen mit dem Prozessnutzen von kollektivem Handeln und den Enttäuschungen mit dem Massenkonsum im Industriekapitalismus erklärt. Zum anderen liegen die Vorteile von Genossenschaften u.~a. in ihren qualitätssichernden institutionellen Mechanismen und ihrer Ausrichtung auf Nachhaltigkeitsziele.},
  isbn = {978-3-658-18626-5},
  langid = {ngerman},
  keywords = {Designprinzipien,Dritter Sektor,Gemeingutmanagement,Genossenschaften,Kollektives Handeln,Kooperation},
  file = {/home/paulin/Zotero/storage/UIWB4IN5/Moldenhauer and Maier-Rigaud - 2023 - Politische Ökonomie.pdf}
}

@incollection{ringleGenossenschaftlichesManagementAls2023,
  title = {Genossenschaftliches Management als „Mitglieder-Fördermanagement“},
  booktitle = {Handbuch Genossenschaftswesen},
  author = {Ringle, Günther},
  editor = {Blome-Drees, Johannes and Göler von Ravensburg, Nicole and Jungmeister, Alexander and Schmale, Ingrid and Schulz-Nieswandt, Frank},
  date = {2023},
  pages = {411--434},
  publisher = {Springer Fachmedien},
  location = {Wiesbaden},
  doi = {10.1007/978-3-658-18626-5_19},
  url = {https://doi.org/10.1007/978-3-658-18626-5_19},
  urldate = {2025-08-01},
  abstract = {Das Management von Genossenschaften hat den Auftrag zur „Förderung der Mitglieder“ bestmöglich zu erfüllen. Ein dazu entwickeltes mitgliederzentriertes Management-Konzept bildet den Denk- und Aktionsrahmen für die Erzielung von Markt- und Fördererfolg. Es wird untersucht, wie die Genossenschaftsführung den Vorstellungen von einer „artgerechten Genossenschaft“ sowie dem Anspruch an ein systemkonformes Mitglieder-Fördermanagement entsprechen kann.},
  isbn = {978-3-658-18626-5},
  langid = {ngerman},
  keywords = {Fördermanagement,Förderplan und Förderbericht,Genossenschaftlicher Förderauftrag,Management-Konzept,Markt- und Fördererfolg},
  file = {/home/paulin/Zotero/storage/PZHSXMWS/Ringle - 2023 - Genossenschaftliches Management als „Mitglieder-Fördermanagement“.pdf}
}

@online{SatzungTRINKGENOSSE2019,
  title = {Satzung – TRINK—GENOSSE},
  date = {2019-05-27},
  url = {https://trink-genosse.de/satzung/},
  urldate = {2025-08-30},
  langid = {ngerman},
  file = {/home/paulin/Zotero/storage/LJT62Y9R/satzung.html}
}

@incollection{schmaleIdeenUndRealgeschichte2023,
  title = {Ideen- und Realgeschichte der Genossenschaften in Industriegesellschaften im 19. Jahrhundert},
  booktitle = {Handbuch Genossenschaftswesen},
  author = {Schmale, Ingrid},
  editor = {Blome-Drees, Johannes and Göler von Ravensburg, Nicole and Jungmeister, Alexander and Schmale, Ingrid and Schulz-Nieswandt, Frank},
  date = {2023},
  pages = {21--55},
  publisher = {Springer Fachmedien},
  location = {Wiesbaden},
  doi = {10.1007/978-3-658-18626-5_55},
  url = {https://doi.org/10.1007/978-3-658-18626-5_55},
  urldate = {2025-08-01},
  abstract = {Traditionell besteht sowohl in der Genossenschaftspraxis als auch in der Genossenschaftswissenschaft ein hohes Bewusstsein für die geschichtliche Entwicklung des Genossenschaftswesens. Allerdings erscheinen in den letzten Jahren nur noch wenige Veröffentlichungen, die man der Genossenschaftsgeschichte zuordnen kann, mit Ausnahme in Jubiläumsjahren der Genossenschaftspioniere oder genossenschaftlicher Organisationen (Ausnahme zuletzt Schulz-Nieswandt 2020). Dabei ist der Blick zurück in die Historie hilfreich bei der Einordnung der vorgefundenen Artefakte und Organisationsformen sowie der Vergewisserung von dahinterstehenden Ideen und Konzeptionen. Hier geht es insbesondere um die Ideen, Utopien und Konzeptionen der geistigen Wegbereiter sowie der Organisatoren der Genossenschaften in Westeuropa mit Schwerpunktsetzung britischer, französischer und insbesondere deutscher Pioniere.},
  isbn = {978-3-658-18626-5},
  langid = {ngerman},
  keywords = {Genossenschaftsbewegung,Genossenschaftskonzeptionen,Genossenschaftspioniere,Geschichte der Genossenschaften,Rochdaler Genossenschaftsprinzipien,Soziale Bewegung,Transformation,Utopie,Wohnungs-Gemeinnützigkeit},
  file = {/home/paulin/Zotero/storage/4QT6PCKM/Schmale - 2023 - Ideen- und Realgeschichte der Genossenschaften in Industriegesellschaften im 19. Jahrhundert.pdf}
}

@incollection{schulz-nieswandtMorphologie2023,
  title = {Morphologie},
  booktitle = {Handbuch Genossenschaftswesen},
  author = {Schulz-Nieswandt, Frank},
  editor = {Blome-Drees, Johannes and Göler von Ravensburg, Nicole and Jungmeister, Alexander and Schmale, Ingrid and Schulz-Nieswandt, Frank},
  date = {2023},
  pages = {205--221},
  publisher = {Springer Fachmedien},
  location = {Wiesbaden},
  doi = {10.1007/978-3-658-18626-5_11},
  url = {https://doi.org/10.1007/978-3-658-18626-5_11},
  urldate = {2025-08-01},
  abstract = {Der Beitrag entfaltet das morphologische Verständnis von Genossenschaften als sozialwirtschaftliche Einzelgebilde sowie von genossenschaftsartigen lokalen sozialen Netzwerken als Caring Community aus der methodologischen Sicht einer hermeneutischen Morphologie. Grundlage einer solchen Methodologie ist eine Metaphysik der Gestaltbildungsfunktion von Form und Inhalt. Der Form kommt dabei, sozialontologisch gesehen, eine generative wie auch eine expressive Funktion zu. Bindeglied ist die Anthropologie des Personalismus. Darauf basiert die kulturelle Grammatik der Mutualität/Reziprozität des sozialen Miteinanders als solidarische Grundlage der Entfaltung individueller Freiheit. In diese moralökonomische Logik sozialer Praktiken in den institutionellen Settings von Einzelwirtschaftsgebilden oder Sozialraumgebilden ist die Bestimmbarkeit von Effizienz und Effektivität eingebettet.},
  isbn = {978-3-658-18626-5},
  langid = {ngerman},
  keywords = {Einzelwirtschaftslehre,Genossenschaft,Hermeneutik,Morphologie,Sozialraum},
  file = {/home/paulin/Zotero/storage/RB4FMMBK/Schulz-Nieswandt - 2023 - Morphologie.pdf}
}

@incollection{schulz-nieswandtMorphologieUndKulturgeschichte2023,
  title = {Morphologie und Kulturgeschichte},
  booktitle = {Handbuch Genossenschaftswesen},
  author = {Schulz-Nieswandt, Frank},
  editor = {Blome-Drees, Johannes and Göler von Ravensburg, Nicole and Jungmeister, Alexander and Schmale, Ingrid and Schulz-Nieswandt, Frank},
  date = {2023},
  pages = {9--20},
  publisher = {Springer Fachmedien},
  location = {Wiesbaden},
  doi = {10.1007/978-3-658-18626-5_2},
  url = {https://doi.org/10.1007/978-3-658-18626-5_2},
  urldate = {2025-08-01},
  abstract = {Der Beitrag analysiert Varianten der Genossenschaftlichkeit sozialer Gebilde der Gesellung und der Hilfe auf der Grundlage der anthropologisch fassbaren Kategorien der Gabe und der Reziprozität bzw. Mutualität. Die gebildemorphologische Methode stellt hermeneutisch auf die Sinnfunktion in ihrer strukturellen Formfindung im Sinne der Charakteristika der freien Assoziation ab. Beispiele aus der Europäischen Kulturgeschichte mit Verweisen auch auf die vorderasiatischen Wurzeln im vorchristlichen Altertum plausibilisieren diesen Blick im Sinne einer historischen Anthropologie der Formfindung des homo reciprocans.},
  isbn = {978-3-658-18626-5},
  langid = {ngerman},
  keywords = {Einungen,Gabe,Genossenschaftsartigkeit,Gilden,Historische Anthropologie,Kollegia,Körperschaften,Kulturgeschichte,Morphologie,Mutualismus,Otto von Gierke,Reziprozität,Schwurgemeinschaften,Ur- und Frühchristentum,Vereine,Zünfte},
  file = {/home/paulin/Zotero/storage/SHE5NAXG/Schulz-Nieswandt - 2023 - Morphologie und Kulturgeschichte.pdf}
}
